@article {LEGO,
author = {Sommer, Anita Friis},
title = {Agile Transformation at LEGO Group: Implementing Agile methods in multiple departments changed not only processes but also employees' behavior and mindset},
journal = {Research-Technology Management},
volume = 62,
number = 5,
pages = {20-29},
month = Oct,
year  = 2019,
publisher = {ARLINGTON: Routledge}
}

@article{REG,
author={Ali,Sadia and Yaser,Hafeez and Shariq,Hussain and Shunkun,Yang},
year={2020},
month={06},
title={Enhanced regression testing technique for agile software development and continuous integration strategies},
journal={Software Quality Journal},
volume={28},
number={2},
pages={397-423},
isbn={09639314},
language={English},
url={https://login.proxy.lib.fsu.edu/login?url=https://www.proquest.com/scholarly-journals/enhanced-regression-testing-technique-agile/docview/2289869275/se-2?accountid=4840},
}

@article{ASS,
Author = {Wang, Xiaofeng and Conboy, Kieran and Pikkarainen, Minna},
ISSN = {13501917},
Journal = {Information Systems Journal},
Number = {6},
Pages = {435 - 455},
Title = {Assimilation of agile practices in use.},
Volume = {22},
URL = {https://search-ebscohost-com.proxy.lib.fsu.edu/login.aspx?direct=true&db=bth&AN=82604892&site=ehost-live},
Year = {2012},
}

@article{HoA,
author = {Rebecca Pope-Ruark},
title ={Introducing Agile Project Management Strategies in Technical and Professional Communication Courses},
journal = {Journal of Business and Technical Communication},
volume = {29},
number = {1},
pages = {112-133},
year = {2015},
URL = {https://doi.org/10.1177/1050651914548456},
}

@article{SCRUM,
url = {https://doi.org/10.1088/1757-899x/981/2/022060},
year = 2020,
month = {dec},
publisher = {{IOP} Publishing},
volume = {981},
number = {2},
pages = {022060},
author = {Valpadasu Hema and Sravanthi Thota and S Naresh Kumar and Ch Padmaja and C. Bala Rama Krishna and K Mahender},
title = {Scrum: An Effective Software Development Agile Tool},
journal = {{IOP} Conference Series: Materials Science and Engineering}
}