@article {LCP,
author = {Alexander C. Bock and Ulrich Frank},
title = {Low-Code Platform},
journal = {Business \& Information Systems Engineering},
volume = 63,
number = 6,
pages = {733-740},
month = Nov,
year  = 2021,
publisher = {Wiesbaden: Springer Fachmedien Wiesbaden}
}

@article {OLP,
author = {Mauro da Cruz and Heitor de Paula and Bruno Caputo and Samuel Mafra and Pascal Lorenz and Joel Rodrigues},
title = {OLP--A RESTful Open Low-Code Platform},
journal = {Future Internet},
volume = 13,
number = 10,
pages = {249 1-14},
month = Sep,
year = 2021,
publisher = {MDPI AG},
}

@article{XRM,
author = {Ender Sahinaslan and Onder Sahinaslan and Mehmet Sabancıoglu},
title = {Low-code application platform in meeting increasing software demands quickly: SetXRM},
journal = {AIP Conference Proceedings},
volume = 2334,
number = 1,
pages = {070007},
year = 2021,
month = Mar,
publisher = {AIP Publishing}
}

@article{SDT,
author = {Jo\~{a}o Varaj\~{a}o},
title = {Software Development in Disruptive Times},
year = {2021},
issue_date = {October 2021},
publisher = {Association for Computing Machinery},
address = {New York, NY, USA},
volume = 64,
number = 10,
journal = {Communications of the ACM},
month = Sep,
pages = {32–35},
}

@article{AML,
year = 2021,
month = {Feb},
publisher = {{IOP} Publishing},
volume = {1828},
number = {1},
pages = {1-8},
author = {Ulla Gain and Virpi Hotti},
title = {Low-code {AutoML}-augmented Data Pipeline {\textendash} A Review and Experiments},
journal = {Journal of Physics: Conference Series},
}

@misc{BPM,
title = {IBM Business Process Manager},
howpublished = {https://www.ibm.com/docs/en/bpm/8.6.0?topic=sources-business-process-manager}
}

@misc{RAD,
title = {Rapid App Development},
howpublished = {https://www.impactmybiz.com/digital-innovation/rapid-app-development/}
}

@misc{RPA,
title = {AI-Powered Automation},
howpublished = {https://www.ibm.com/cloud/automation}
}